<record><leader>00000cas a22000007a 4500</leader><controlfield tag="001">12819626</controlfield><controlfield tag="008">851119c19269999wvudn ne      0    0eng d</controlfield><datafield ind1=" " ind2=" " tag="010"><subfield code="a">sn 85059748 </subfield></datafield><datafield ind1=" " ind2=" " tag="040"><subfield code="a">WVC</subfield><subfield code="b">eng</subfield><subfield code="c">WVC</subfield><subfield code="d">DLC</subfield><subfield code="d">WVC</subfield><subfield code="d">OCL</subfield></datafield><datafield ind1="1" ind2=" " tag="029"><subfield code="a">AU@</subfield><subfield code="b">000025809024</subfield></datafield><datafield ind1=" " ind2=" " tag="037"><subfield code="b">324-326 Hewes Avenue, Clarksburg, W.Va. 26301</subfield></datafield><datafield ind1=" " ind2=" " tag="042"><subfield code="a">msc</subfield></datafield><datafield ind1="0" ind2="0" tag="050"><subfield code="a">Newspaper 7002</subfield></datafield><datafield ind1="0" ind2=" " tag="130"><subfield code="a">Clarksburg telegram (Clarksburg, W.Va. : Daily)</subfield></datafield><datafield ind1="0" ind2="0" tag="245"><subfield code="a">Clarksburg telegram.</subfield></datafield><datafield ind1="0" ind2="7" tag="246"><subfield code="a">Daily telegram</subfield></datafield><datafield ind1=" " ind2=" " tag="260"><subfield code="a">Clarksburg, W. Va. :</subfield><subfield code="b">Clarksburg Telegram Co.,</subfield><subfield code="c">1926-</subfield></datafield><datafield ind1=" " ind2=" " tag="300"><subfield code="a">v. :</subfield><subfield code="b">ill. ;</subfield><subfield code="c">55 cm.</subfield></datafield><datafield ind1=" " ind2=" " tag="310"><subfield code="a">Daily (except Sun.)</subfield></datafield><datafield ind1="0" ind2=" " tag="362"><subfield code="a">Nov. 1, 1926-</subfield></datafield><datafield ind1=" " ind2=" " tag="500"><subfield code="a">"Republican." Cf. Ayer, 1980.</subfield></datafield><datafield ind1=" " ind2=" " tag="580"><subfield code="a">Issued also in weekly eds. entitled: Sunday exponent-telegram; and: Sunday telegram (Clarksburg, W.Va.).</subfield></datafield><datafield ind1=" " ind2=" " tag="752"><subfield code="a">United States</subfield><subfield code="b">West Virginia</subfield><subfield code="c">Harrison</subfield><subfield code="d">Clarksburg.</subfield></datafield><datafield ind1="1" ind2=" " tag="775"><subfield code="t">Sunday exponent-telegram (Clarksburg, W.Va.)</subfield><subfield code="w">(DLC)sn 85059731</subfield></datafield><datafield ind1="1" ind2=" " tag="775"><subfield code="t">Sunday telegram (Clarksburg, W.Va.)</subfield><subfield code="w">(DLC)sn 85059732</subfield></datafield><datafield ind1="0" ind2="0" tag="780"><subfield code="t">Daily telegram (Clarksburg, W.Va.)</subfield><subfield code="w">(DLC)sn 85059715</subfield></datafield></record>